<record><leader>02135cam a22004938i 45 0</leader><controlfield tag="001">6849943</controlfield><controlfield tag="003">OCoLC</controlfield><controlfield tag="005">20150501181824.0</controlfield><controlfield tag="008">140904s2015    oku      b    001 0 eng  </controlfield><datafield ind1=" " ind2=" " tag="010"><subfield code="a">  2014030514</subfield></datafield><datafield ind1="7" ind2=" " tag="016"><subfield code="a">101640627</subfield><subfield code="2">DNLM</subfield></datafield><datafield ind1=" " ind2=" " tag="020"><subfield code="a">9780806146881</subfield><subfield code="q">(hardcover : alk. paper)</subfield></datafield><datafield ind1=" " ind2=" " tag="020"><subfield code="a">0806146885</subfield><subfield code="q">(hardcover : alk. paper)</subfield></datafield><datafield ind1=" " ind2=" " tag="035"><subfield code="a">ocn890436715</subfield></datafield><datafield ind1=" " ind2=" " tag="040"><subfield code="a">DNLM/DLC</subfield><subfield code="b">eng</subfield><subfield code="e">rda</subfield><subfield code="c">DLC</subfield><subfield code="d">NLM</subfield><subfield code="d">YDXCP</subfield><subfield code="d">BTCTA</subfield><subfield code="d">BDX</subfield><subfield code="d">OCLCQ</subfield><subfield code="d">A4A</subfield><subfield code="d">AFMK</subfield></datafield><datafield ind1=" " ind2=" " tag="042"><subfield code="a">pcc</subfield></datafield><datafield ind1="0" ind2="0" tag="050"><subfield code="a">RA644.S6</subfield></datafield><datafield ind1="1" ind2="0" tag="060"><subfield code="a">WC 585</subfield></datafield><datafield ind1="0" ind2="0" tag="082"><subfield code="a">614.5/20975</subfield><subfield code="2">23</subfield></datafield><datafield ind1=" " ind2=" " tag="090"><subfield code="a">RA 644 S6 K27 2015</subfield><subfield code="b">ARDC</subfield></datafield><datafield ind1=" " ind2=" " tag="090"><subfield code="a">RA 644 S6 K27 2015</subfield><subfield code="b">AFMK</subfield></datafield><datafield ind1="1" ind2=" " tag="100"><subfield code="a">Kelton, Paul,</subfield><subfield code="e">author.</subfield></datafield><datafield ind1="1" ind2="0" tag="245"><subfield code="a">Cherokee medicine, colonial germs :</subfield><subfield code="b">an indigenous nation's fight against smallpox, 1518-1824 /</subfield><subfield code="c">Paul Kelton.</subfield></datafield><datafield ind1=" " ind2="1" tag="264"><subfield code="a">Norman, Oklahoma :</subfield><subfield code="b">University of Oklahoma Press,</subfield><subfield code="c">[2015]</subfield></datafield><datafield ind1=" " ind2=" " tag="300"><subfield code="a">xiv, 281 pages :</subfield><subfield code="b">illustrations, maps ;</subfield><subfield code="c">23 cm</subfield></datafield><datafield ind1=" " ind2=" " tag="336"><subfield code="a">text</subfield><subfield code="b">txt</subfield><subfield code="2">rdacontent</subfield></datafield><datafield ind1=" " ind2=" " tag="337"><subfield code="a">unmediated</subfield><subfield code="b">n</subfield><subfield code="2">rdamedia</subfield></datafield><datafield ind1=" " ind2=" " tag="338"><subfield code="a">volume</subfield><subfield code="b">nc</subfield><subfield code="2">rdacarrier</subfield></datafield><datafield ind1="0" ind2=" " tag="490"><subfield code="a">New directions in Native American studies ;</subfield><subfield code="v">volume 11</subfield></datafield><datafield ind1=" " ind2=" " tag="504"><subfield code="a">Includes bibliographical references (pages 219-269) and index.</subfield></datafield><datafield ind1="0" ind2=" " tag="505"><subfield code="a">Arrival -- Response -- War -- Revolution -- Vaccine.</subfield></datafield><datafield ind1=" " ind2=" " tag="596"><subfield code="a">8 35</subfield></datafield><datafield ind1=" " ind2="0" tag="650"><subfield code="a">Indians of North America</subfield><subfield code="z">Southern States</subfield><subfield code="x">History.</subfield></datafield><datafield ind1=" " ind2="0" tag="650"><subfield code="a">Smallpox</subfield><subfield code="z">Southern States</subfield><subfield code="x">History.</subfield></datafield><datafield ind1=" " ind2="0" tag="650"><subfield code="a">Smallpox vaccine</subfield><subfield code="z">Southern States</subfield><subfield code="x">History.</subfield></datafield><datafield ind1="1" ind2="2" tag="650"><subfield code="a">Indians, North American</subfield><subfield code="z">Southeastern United States</subfield><subfield code="x">History.</subfield></datafield><datafield ind1="1" ind2="2" tag="650"><subfield code="a">Smallpox</subfield><subfield code="z">Southeastern United States</subfield><subfield code="x">History.</subfield></datafield><datafield ind1="2" ind2="2" tag="650"><subfield code="a">Colonialism</subfield><subfield code="z">Southeastern United States</subfield><subfield code="x">History.</subfield></datafield><datafield ind1="2" ind2="2" tag="650"><subfield code="a">History, 16th Century</subfield><subfield code="z">Southeastern United States.</subfield></datafield><datafield ind1="2" ind2="2" tag="650"><subfield code="a">History, Modern 1601-</subfield><subfield code="z">Southeastern United States.</subfield></datafield><datafield ind1="2" ind2="2" tag="650"><subfield code="a">Smallpox Vaccine</subfield><subfield code="z">Southeastern United States</subfield><subfield code="x">History.</subfield></datafield><datafield ind1=" " ind2="0" tag="651"><subfield code="a">Southern States</subfield><subfield code="x">History.</subfield></datafield><datafield ind1=" " ind2=" " tag="926"><subfield code="a">RA 644 S6 K27 2015</subfield><subfield code="w">LC</subfield><subfield code="c">1</subfield><subfield code="i">34917001375091</subfield><subfield code="l">ON_SHELF</subfield><subfield code="m">KEYANO</subfield><subfield code="p">$27.85</subfield><subfield code="r">Y</subfield><subfield code="s">Y</subfield><subfield code="t">BOOK</subfield><subfield code="u">3/9/2015</subfield><subfield code="o">.STAFF. Rec'd Apr/15 MW</subfield></datafield><datafield ind1=" " ind2=" " tag="926"><subfield code="a">RA 644 S6 K27 2015</subfield><subfield code="w">LC</subfield><subfield code="c">1</subfield><subfield code="i">30125302485619</subfield><subfield code="l">FLOOR_2</subfield><subfield code="m">RED_DEER_C</subfield><subfield code="r">Y</subfield><subfield code="s">Y</subfield><subfield code="t">BOOK</subfield><subfield code="u">1/13/2017</subfield></datafield></record>